%YAML 1.1
%TAG !u! tag:unity3d.com,2011:
--- !u!114 &6677277522556517672
MonoBehaviour:
  m_ObjectHideFlags: 0
  m_CorrespondingSourceObject: {fileID: 0}
  m_PrefabInstance: {fileID: 0}
  m_PrefabAsset: {fileID: 0}
  m_GameObject: {fileID: 260845141451675726}
  m_Enabled: 1
  m_EditorHideFlags: 0
  m_Script: {fileID: 11500000, guid: a53b3988503a9dc45a1b5b036aa38214, type: 3}
  m_Name: 
  m_EditorClassIdentifier: 
  guid: 2a770e24-4448-4530-858b-ab42db5ff181
  target: {fileID: 1856084881086036296}
  triggers:
  - guid: 27ad309d-a673-4766-afc3-f63cb0d5ffc0
    displayName: On Click
  displayName: Option Button - Gameplay
--- !u!1 &492922058061332187
GameObject:
  m_ObjectHideFlags: 0
  m_CorrespondingSourceObject: {fileID: 0}
  m_PrefabInstance: {fileID: 0}
  m_PrefabAsset: {fileID: 0}
  serializedVersion: 6
  m_Component:
  - component: {fileID: 1324346155852878657}
  - component: {fileID: 6637072333079783073}
  m_Layer: 0
  m_Name: OnOptionSelected(PrimaryOptionButton)
  m_TagString: Untagged
  m_Icon: {fileID: 0}
  m_NavMeshLayer: 0
  m_StaticEditorFlags: 0
  m_IsActive: 1
--- !u!4 &1324346155852878657
Transform:
  m_ObjectHideFlags: 0
  m_CorrespondingSourceObject: {fileID: 0}
  m_PrefabInstance: {fileID: 0}
  m_PrefabAsset: {fileID: 0}
  m_GameObject: {fileID: 492922058061332187}
  m_LocalRotation: {x: 0, y: 0, z: 0, w: 1}
  m_LocalPosition: {x: 0, y: 0, z: 0}
  m_LocalScale: {x: 1, y: 1, z: 1}
  m_Children: []
  m_Father: {fileID: 5138245681920065108}
  m_RootOrder: 0
  m_LocalEulerAnglesHint: {x: 0, y: 0, z: 0}
--- !u!114 &6637072333079783073
MonoBehaviour:
  m_ObjectHideFlags: 0
  m_CorrespondingSourceObject: {fileID: 0}
  m_PrefabInstance: {fileID: 0}
  m_PrefabAsset: {fileID: 0}
  m_GameObject: {fileID: 492922058061332187}
  m_Enabled: 1
  m_EditorHideFlags: 0
  m_Script: {fileID: 11500000, guid: 88355fc4acb0a9a4398a8816a1654738, type: 3}
  m_Name: 
  m_EditorClassIdentifier: 
  serializedMethodInfo:
    identifier: OnOptionSelected(Pelican7.UIGraph.Demos.Assassin.PrimaryOptionButton,
      Assembly-CSharp, Version=0.0.0.0, Culture=neutral, PublicKeyToken=null)
    methodName: OnOptionSelected
    assemblyQualifiedParameterTypes:
    - Pelican7.UIGraph.Demos.Assassin.PrimaryOptionButton, Assembly-CSharp, Version=0.0.0.0,
      Culture=neutral, PublicKeyToken=null
    displayName: OnOptionSelected(PrimaryOptionButton)
--- !u!114 &7734807515889855737
MonoBehaviour:
  m_ObjectHideFlags: 0
  m_CorrespondingSourceObject: {fileID: 0}
  m_PrefabInstance: {fileID: 0}
  m_PrefabAsset: {fileID: 0}
  m_GameObject: {fileID: 565555458697852115}
  m_Enabled: 1
  m_EditorHideFlags: 0
  m_Script: {fileID: 11500000, guid: a53b3988503a9dc45a1b5b036aa38214, type: 3}
  m_Name: 
  m_EditorClassIdentifier: 
  guid: d4c440b4-e3ab-4bd2-818c-f81d4be9eb42
  target: {fileID: 2127343527904007637}
  triggers:
  - guid: d40a0164-cb17-46b3-8555-ef50a97287af
    displayName: On Click
  displayName: Option Button - Graphics
--- !u!114 &6280228266888444250
MonoBehaviour:
  m_ObjectHideFlags: 0
  m_CorrespondingSourceObject: {fileID: 0}
  m_PrefabInstance: {fileID: 0}
  m_PrefabAsset: {fileID: 0}
  m_GameObject: {fileID: 755369875813499956}
  m_Enabled: 1
  m_EditorHideFlags: 0
  m_Script: {fileID: 11500000, guid: a53b3988503a9dc45a1b5b036aa38214, type: 3}
  m_Name: 
  m_EditorClassIdentifier: 
  guid: 197d2067-c3e5-4984-b940-6477de7d3858
  target: {fileID: 1163911113769952562}
  triggers:
  - guid: ecefc550-9a08-46ff-9bfd-f4f24ac04b25
    displayName: On Click
  displayName: Option Button - Intro
--- !u!1 &2307032854695457116
GameObject:
  m_ObjectHideFlags: 0
  m_CorrespondingSourceObject: {fileID: 0}
  m_PrefabInstance: {fileID: 0}
  m_PrefabAsset: {fileID: 0}
  serializedVersion: 6
  m_Component:
  - component: {fileID: 9168270716485605255}
  - component: {fileID: 2290822099135481361}
  m_Layer: 5
  m_Name: List
  m_TagString: Untagged
  m_Icon: {fileID: 0}
  m_NavMeshLayer: 0
  m_StaticEditorFlags: 0
  m_IsActive: 1
--- !u!224 &9168270716485605255
RectTransform:
  m_ObjectHideFlags: 0
  m_CorrespondingSourceObject: {fileID: 0}
  m_PrefabInstance: {fileID: 0}
  m_PrefabAsset: {fileID: 0}
  m_GameObject: {fileID: 2307032854695457116}
  m_LocalRotation: {x: 0, y: 0, z: 0, w: 1}
  m_LocalPosition: {x: 0, y: 0, z: 0}
  m_LocalScale: {x: 1, y: 1, z: 1}
  m_Children:
  - {fileID: 5759202517702039015}
  - {fileID: 5046817253032610205}
  - {fileID: 4777775471321982208}
  m_Father: {fileID: 7984700682398311091}
  m_RootOrder: 1
  m_LocalEulerAnglesHint: {x: 0, y: 0, z: 0}
  m_AnchorMin: {x: 0, y: 0}
  m_AnchorMax: {x: 1, y: 1}
  m_AnchoredPosition: {x: 0, y: 0}
  m_SizeDelta: {x: 0, y: 0}
  m_Pivot: {x: 0.5, y: 0.5}
--- !u!114 &2290822099135481361
MonoBehaviour:
  m_ObjectHideFlags: 0
  m_CorrespondingSourceObject: {fileID: 0}
  m_PrefabInstance: {fileID: 0}
  m_PrefabAsset: {fileID: 0}
  m_GameObject: {fileID: 2307032854695457116}
  m_Enabled: 1
  m_EditorHideFlags: 0
  m_Script: {fileID: 1297475563, guid: f70555f144d8491a825f0804e09c671c, type: 3}
  m_Name: 
  m_EditorClassIdentifier: 
  m_Padding:
    m_Left: 0
    m_Right: 0
    m_Top: 0
    m_Bottom: 0
  m_ChildAlignment: 0
  m_Spacing: 0
  m_ChildForceExpandWidth: 1
  m_ChildForceExpandHeight: 0
  m_ChildControlWidth: 1
  m_ChildControlHeight: 1
  m_ChildScaleWidth: 0
  m_ChildScaleHeight: 0
--- !u!1001 &3016899699092110563
PrefabInstance:
  m_ObjectHideFlags: 0
  serializedVersion: 2
  m_Modification:
    m_TransformParent: {fileID: 0}
    m_Modifications:
    - target: {fileID: 5121002608600129103, guid: dcde3ced8a204544faef70143406844a,
        type: 3}
      propertyPath: m_Name
      value: PrimaryOptionsCanvasController - View
      objectReference: {fileID: 0}
    - target: {fileID: 5121002608600129105, guid: dcde3ced8a204544faef70143406844a,
        type: 3}
      propertyPath: m_AdditionalShaderChannelsFlag
      value: 25
      objectReference: {fileID: 0}
    - target: {fileID: 5121002608600129104, guid: dcde3ced8a204544faef70143406844a,
        type: 3}
      propertyPath: m_LocalPosition.x
      value: 0
      objectReference: {fileID: 0}
    - target: {fileID: 5121002608600129104, guid: dcde3ced8a204544faef70143406844a,
        type: 3}
      propertyPath: m_LocalPosition.y
      value: 0
      objectReference: {fileID: 0}
    - target: {fileID: 5121002608600129104, guid: dcde3ced8a204544faef70143406844a,
        type: 3}
      propertyPath: m_LocalPosition.z
      value: 0
      objectReference: {fileID: 0}
    - target: {fileID: 5121002608600129104, guid: dcde3ced8a204544faef70143406844a,
        type: 3}
      propertyPath: m_LocalRotation.x
      value: 0
      objectReference: {fileID: 0}
    - target: {fileID: 5121002608600129104, guid: dcde3ced8a204544faef70143406844a,
        type: 3}
      propertyPath: m_LocalRotation.y
      value: 0
      objectReference: {fileID: 0}
    - target: {fileID: 5121002608600129104, guid: dcde3ced8a204544faef70143406844a,
        type: 3}
      propertyPath: m_LocalRotation.z
      value: 0
      objectReference: {fileID: 0}
    - target: {fileID: 5121002608600129104, guid: dcde3ced8a204544faef70143406844a,
        type: 3}
      propertyPath: m_LocalRotation.w
      value: 1
      objectReference: {fileID: 0}
    - target: {fileID: 5121002608600129104, guid: dcde3ced8a204544faef70143406844a,
        type: 3}
      propertyPath: m_RootOrder
      value: 0
      objectReference: {fileID: 0}
    - target: {fileID: 5121002608600129104, guid: dcde3ced8a204544faef70143406844a,
        type: 3}
      propertyPath: m_LocalEulerAnglesHint.x
      value: 0
      objectReference: {fileID: 0}
    - target: {fileID: 5121002608600129104, guid: dcde3ced8a204544faef70143406844a,
        type: 3}
      propertyPath: m_LocalEulerAnglesHint.y
      value: 0
      objectReference: {fileID: 0}
    - target: {fileID: 5121002608600129104, guid: dcde3ced8a204544faef70143406844a,
        type: 3}
      propertyPath: m_LocalEulerAnglesHint.z
      value: 0
      objectReference: {fileID: 0}
    - target: {fileID: 5121002608600129104, guid: dcde3ced8a204544faef70143406844a,
        type: 3}
      propertyPath: m_AnchoredPosition.x
      value: 0
      objectReference: {fileID: 0}
    - target: {fileID: 5121002608600129104, guid: dcde3ced8a204544faef70143406844a,
        type: 3}
      propertyPath: m_AnchoredPosition.y
      value: 0
      objectReference: {fileID: 0}
    - target: {fileID: 5121002608600129104, guid: dcde3ced8a204544faef70143406844a,
        type: 3}
      propertyPath: m_SizeDelta.x
      value: 0
      objectReference: {fileID: 0}
    - target: {fileID: 5121002608600129104, guid: dcde3ced8a204544faef70143406844a,
        type: 3}
      propertyPath: m_SizeDelta.y
      value: 0
      objectReference: {fileID: 0}
    - target: {fileID: 5121002608600129104, guid: dcde3ced8a204544faef70143406844a,
        type: 3}
      propertyPath: m_AnchorMin.x
      value: 0
      objectReference: {fileID: 0}
    - target: {fileID: 5121002608600129104, guid: dcde3ced8a204544faef70143406844a,
        type: 3}
      propertyPath: m_AnchorMin.y
      value: 0
      objectReference: {fileID: 0}
    - target: {fileID: 5121002608600129104, guid: dcde3ced8a204544faef70143406844a,
        type: 3}
      propertyPath: m_AnchorMax.x
      value: 0
      objectReference: {fileID: 0}
    - target: {fileID: 5121002608600129104, guid: dcde3ced8a204544faef70143406844a,
        type: 3}
      propertyPath: m_AnchorMax.y
      value: 0
      objectReference: {fileID: 0}
    - target: {fileID: 5121002608600129104, guid: dcde3ced8a204544faef70143406844a,
        type: 3}
      propertyPath: m_Pivot.x
      value: 0
      objectReference: {fileID: 0}
    - target: {fileID: 5121002608600129104, guid: dcde3ced8a204544faef70143406844a,
        type: 3}
      propertyPath: m_Pivot.y
      value: 0
      objectReference: {fileID: 0}
    - target: {fileID: 5808287644823090330, guid: dcde3ced8a204544faef70143406844a,
        type: 3}
      propertyPath: viewCallbacks.Array.size
      value: 1
      objectReference: {fileID: 0}
    - target: {fileID: 5808287644823090330, guid: dcde3ced8a204544faef70143406844a,
        type: 3}
      propertyPath: viewReferences.Array.size
      value: 1
      objectReference: {fileID: 0}
    - target: {fileID: 5808287644823090330, guid: dcde3ced8a204544faef70143406844a,
        type: 3}
      propertyPath: ownerData.asset
      value: 
      objectReference: {fileID: 11400000, guid: 5ae8de500d4cf9d40ae63314b2d00e9a,
        type: 2}
    - target: {fileID: 5808287644823090330, guid: dcde3ced8a204544faef70143406844a,
        type: 3}
      propertyPath: viewCallbacks.Array.data[0]
      value: 
      objectReference: {fileID: 6637072333079783073}
    - target: {fileID: 5808287644823090330, guid: dcde3ced8a204544faef70143406844a,
        type: 3}
      propertyPath: viewReferences.Array.data[0].identifier
      value: initialSelectedOption
      objectReference: {fileID: 0}
    - target: {fileID: 5808287644823090330, guid: dcde3ced8a204544faef70143406844a,
        type: 3}
      propertyPath: viewReferences.Array.data[0].assemblyQualifiedTypeName
      value: Pelican7.UIGraph.Demos.Assassin.PrimaryOptionButton, Assembly-CSharp,
        Version=0.0.0.0, Culture=neutral, PublicKeyToken=null
      objectReference: {fileID: 0}
    - target: {fileID: 5808287644823090330, guid: dcde3ced8a204544faef70143406844a,
        type: 3}
      propertyPath: viewReferences.Array.data[0].objectReference
      value: 
      objectReference: {fileID: 9004315401366617766}
    m_RemovedComponents: []
  m_SourcePrefab: {fileID: 100100000, guid: dcde3ced8a204544faef70143406844a, type: 3}
--- !u!224 &7984700682398311091 stripped
RectTransform:
  m_CorrespondingSourceObject: {fileID: 5121002608600129104, guid: dcde3ced8a204544faef70143406844a,
    type: 3}
  m_PrefabInstance: {fileID: 3016899699092110563}
  m_PrefabAsset: {fileID: 0}
--- !u!4 &5138245681920065108 stripped
Transform:
  m_CorrespondingSourceObject: {fileID: 7967036462583087799, guid: dcde3ced8a204544faef70143406844a,
    type: 3}
  m_PrefabInstance: {fileID: 3016899699092110563}
  m_PrefabAsset: {fileID: 0}
--- !u!1001 &8223417215347113220
PrefabInstance:
  m_ObjectHideFlags: 0
  serializedVersion: 2
  m_Modification:
    m_TransformParent: {fileID: 9168270716485605255}
    m_Modifications:
    - target: {fileID: 8179037361704117578, guid: 0a3bd80c20417a34797e0764f845ef57,
        type: 3}
      propertyPath: m_Name
      value: Option Button - Gameplay
      objectReference: {fileID: 0}
    - target: {fileID: 3753354388551955609, guid: 0a3bd80c20417a34797e0764f845ef57,
        type: 3}
      propertyPath: m_LocalPosition.x
      value: 0
      objectReference: {fileID: 0}
    - target: {fileID: 3753354388551955609, guid: 0a3bd80c20417a34797e0764f845ef57,
        type: 3}
      propertyPath: m_LocalPosition.y
      value: 0
      objectReference: {fileID: 0}
    - target: {fileID: 3753354388551955609, guid: 0a3bd80c20417a34797e0764f845ef57,
        type: 3}
      propertyPath: m_LocalPosition.z
      value: 0
      objectReference: {fileID: 0}
    - target: {fileID: 3753354388551955609, guid: 0a3bd80c20417a34797e0764f845ef57,
        type: 3}
      propertyPath: m_LocalRotation.x
      value: -0
      objectReference: {fileID: 0}
    - target: {fileID: 3753354388551955609, guid: 0a3bd80c20417a34797e0764f845ef57,
        type: 3}
      propertyPath: m_LocalRotation.y
      value: -0
      objectReference: {fileID: 0}
    - target: {fileID: 3753354388551955609, guid: 0a3bd80c20417a34797e0764f845ef57,
        type: 3}
      propertyPath: m_LocalRotation.z
      value: -0
      objectReference: {fileID: 0}
    - target: {fileID: 3753354388551955609, guid: 0a3bd80c20417a34797e0764f845ef57,
        type: 3}
      propertyPath: m_LocalRotation.w
      value: 1
      objectReference: {fileID: 0}
    - target: {fileID: 3753354388551955609, guid: 0a3bd80c20417a34797e0764f845ef57,
        type: 3}
      propertyPath: m_RootOrder
      value: 1
      objectReference: {fileID: 0}
    - target: {fileID: 3753354388551955609, guid: 0a3bd80c20417a34797e0764f845ef57,
        type: 3}
      propertyPath: m_LocalEulerAnglesHint.x
      value: 0
      objectReference: {fileID: 0}
    - target: {fileID: 3753354388551955609, guid: 0a3bd80c20417a34797e0764f845ef57,
        type: 3}
      propertyPath: m_LocalEulerAnglesHint.y
      value: 0
      objectReference: {fileID: 0}
    - target: {fileID: 3753354388551955609, guid: 0a3bd80c20417a34797e0764f845ef57,
        type: 3}
      propertyPath: m_LocalEulerAnglesHint.z
      value: 0
      objectReference: {fileID: 0}
    - target: {fileID: 3753354388551955609, guid: 0a3bd80c20417a34797e0764f845ef57,
        type: 3}
      propertyPath: m_AnchoredPosition.x
      value: 0
      objectReference: {fileID: 0}
    - target: {fileID: 3753354388551955609, guid: 0a3bd80c20417a34797e0764f845ef57,
        type: 3}
      propertyPath: m_AnchoredPosition.y
      value: 0
      objectReference: {fileID: 0}
    - target: {fileID: 3753354388551955609, guid: 0a3bd80c20417a34797e0764f845ef57,
        type: 3}
      propertyPath: m_SizeDelta.x
      value: 0
      objectReference: {fileID: 0}
    - target: {fileID: 3753354388551955609, guid: 0a3bd80c20417a34797e0764f845ef57,
        type: 3}
      propertyPath: m_SizeDelta.y
      value: 0
      objectReference: {fileID: 0}
    - target: {fileID: 3753354388551955609, guid: 0a3bd80c20417a34797e0764f845ef57,
        type: 3}
      propertyPath: m_AnchorMin.x
      value: 0
      objectReference: {fileID: 0}
    - target: {fileID: 3753354388551955609, guid: 0a3bd80c20417a34797e0764f845ef57,
        type: 3}
      propertyPath: m_AnchorMin.y
      value: 0
      objectReference: {fileID: 0}
    - target: {fileID: 3753354388551955609, guid: 0a3bd80c20417a34797e0764f845ef57,
        type: 3}
      propertyPath: m_AnchorMax.x
      value: 0
      objectReference: {fileID: 0}
    - target: {fileID: 3753354388551955609, guid: 0a3bd80c20417a34797e0764f845ef57,
        type: 3}
      propertyPath: m_AnchorMax.y
      value: 0
      objectReference: {fileID: 0}
    - target: {fileID: 3753354388551955609, guid: 0a3bd80c20417a34797e0764f845ef57,
        type: 3}
      propertyPath: m_Pivot.x
      value: 0.5
      objectReference: {fileID: 0}
    - target: {fileID: 3753354388551955609, guid: 0a3bd80c20417a34797e0764f845ef57,
        type: 3}
      propertyPath: m_Pivot.y
      value: 0.5
      objectReference: {fileID: 0}
    - target: {fileID: 7772457861904565324, guid: 0a3bd80c20417a34797e0764f845ef57,
        type: 3}
      propertyPath: m_OnClick.m_PersistentCalls.m_Calls.Array.size
      value: 1
      objectReference: {fileID: 0}
    - target: {fileID: 7772457861904565324, guid: 0a3bd80c20417a34797e0764f845ef57,
        type: 3}
      propertyPath: m_OnClick.m_PersistentCalls.m_Calls.Array.data[0].m_Mode
      value: 2
      objectReference: {fileID: 0}
    - target: {fileID: 7772457861904565324, guid: 0a3bd80c20417a34797e0764f845ef57,
        type: 3}
      propertyPath: m_OnClick.m_PersistentCalls.m_Calls.Array.data[0].m_CallState
      value: 2
      objectReference: {fileID: 0}
    - target: {fileID: 7772457861904565324, guid: 0a3bd80c20417a34797e0764f845ef57,
        type: 3}
      propertyPath: m_OnClick.m_PersistentCalls.m_Calls.Array.data[0].m_Target
      value: 
      objectReference: {fileID: 6637072333079783073}
    - target: {fileID: 7772457861904565324, guid: 0a3bd80c20417a34797e0764f845ef57,
        type: 3}
      propertyPath: m_OnClick.m_PersistentCalls.m_Calls.Array.data[0].m_MethodName
      value: Invoke
      objectReference: {fileID: 0}
    - target: {fileID: 7772457861904565324, guid: 0a3bd80c20417a34797e0764f845ef57,
        type: 3}
      propertyPath: m_OnClick.m_PersistentCalls.m_Calls.Array.data[0].m_Arguments.m_ObjectArgumentAssemblyTypeName
      value: UnityEngine.Object, UnityEngine
      objectReference: {fileID: 0}
    - target: {fileID: 7772457861904565324, guid: 0a3bd80c20417a34797e0764f845ef57,
        type: 3}
      propertyPath: m_OnClick.m_PersistentCalls.m_Calls.Array.data[0].m_Arguments.m_ObjectArgument
      value: 
      objectReference: {fileID: 8435497767986602716}
    - target: {fileID: 9147907049126451742, guid: 0a3bd80c20417a34797e0764f845ef57,
        type: 3}
      propertyPath: m_textInfo.characterCount
      value: 0
      objectReference: {fileID: 0}
    - target: {fileID: 9147907049126451742, guid: 0a3bd80c20417a34797e0764f845ef57,
        type: 3}
      propertyPath: m_textInfo.wordCount
      value: 0
      objectReference: {fileID: 0}
    - target: {fileID: 9147907049126451742, guid: 0a3bd80c20417a34797e0764f845ef57,
        type: 3}
      propertyPath: m_textInfo.lineCount
      value: 0
      objectReference: {fileID: 0}
    - target: {fileID: 9147907049126451742, guid: 0a3bd80c20417a34797e0764f845ef57,
        type: 3}
      propertyPath: m_textInfo.pageCount
      value: 0
      objectReference: {fileID: 0}
    - target: {fileID: 9147907049126451742, guid: 0a3bd80c20417a34797e0764f845ef57,
        type: 3}
      propertyPath: m_text
      value: GAMEPLAY
      objectReference: {fileID: 0}
    - target: {fileID: 9147907049126451742, guid: 0a3bd80c20417a34797e0764f845ef57,
        type: 3}
      propertyPath: m_fontSize
      value: 32
      objectReference: {fileID: 0}
    - target: {fileID: 9147907049126451742, guid: 0a3bd80c20417a34797e0764f845ef57,
        type: 3}
      propertyPath: m_firstOverflowCharacterIndex
      value: -1
      objectReference: {fileID: 0}
    - target: {fileID: 1136834195464468345, guid: 0a3bd80c20417a34797e0764f845ef57,
        type: 3}
      propertyPath: m_Sprite
      value: 
      objectReference: {fileID: 21300000, guid: 0251545a39ba2f04f91db1e6cbc87ec0,
        type: 3}
    m_RemovedComponents: []
  m_SourcePrefab: {fileID: 100100000, guid: 0a3bd80c20417a34797e0764f845ef57, type: 3}
--- !u!1 &260845141451675726 stripped
GameObject:
  m_CorrespondingSourceObject: {fileID: 8179037361704117578, guid: 0a3bd80c20417a34797e0764f845ef57,
    type: 3}
  m_PrefabInstance: {fileID: 8223417215347113220}
  m_PrefabAsset: {fileID: 0}
--- !u!224 &5046817253032610205 stripped
RectTransform:
  m_CorrespondingSourceObject: {fileID: 3753354388551955609, guid: 0a3bd80c20417a34797e0764f845ef57,
    type: 3}
  m_PrefabInstance: {fileID: 8223417215347113220}
  m_PrefabAsset: {fileID: 0}
--- !u!114 &8435497767986602716 stripped
MonoBehaviour:
  m_CorrespondingSourceObject: {fileID: 508795593752682456, guid: 0a3bd80c20417a34797e0764f845ef57,
    type: 3}
  m_PrefabInstance: {fileID: 8223417215347113220}
  m_PrefabAsset: {fileID: 0}
  m_GameObject: {fileID: 260845141451675726}
  m_Enabled: 1
  m_EditorHideFlags: 0
  m_Script: {fileID: 11500000, guid: f2a7fad3c194423468c6aa3aa9681e32, type: 3}
  m_Name: 
  m_EditorClassIdentifier: 
--- !u!114 &1856084881086036296 stripped
MonoBehaviour:
  m_CorrespondingSourceObject: {fileID: 7772457861904565324, guid: 0a3bd80c20417a34797e0764f845ef57,
    type: 3}
  m_PrefabInstance: {fileID: 8223417215347113220}
  m_PrefabAsset: {fileID: 0}
  m_GameObject: {fileID: 260845141451675726}
  m_Enabled: 1
  m_EditorHideFlags: 0
  m_Script: {fileID: 1392445389, guid: f70555f144d8491a825f0804e09c671c, type: 3}
  m_Name: 
  m_EditorClassIdentifier: 
--- !u!1001 &8527713865133347225
PrefabInstance:
  m_ObjectHideFlags: 0
  serializedVersion: 2
  m_Modification:
    m_TransformParent: {fileID: 9168270716485605255}
    m_Modifications:
    - target: {fileID: 8179037361704117578, guid: 0a3bd80c20417a34797e0764f845ef57,
        type: 3}
      propertyPath: m_Name
      value: Option Button - Controller
      objectReference: {fileID: 0}
    - target: {fileID: 3753354388551955609, guid: 0a3bd80c20417a34797e0764f845ef57,
        type: 3}
      propertyPath: m_LocalPosition.x
      value: 0
      objectReference: {fileID: 0}
    - target: {fileID: 3753354388551955609, guid: 0a3bd80c20417a34797e0764f845ef57,
        type: 3}
      propertyPath: m_LocalPosition.y
      value: 0
      objectReference: {fileID: 0}
    - target: {fileID: 3753354388551955609, guid: 0a3bd80c20417a34797e0764f845ef57,
        type: 3}
      propertyPath: m_LocalPosition.z
      value: 0
      objectReference: {fileID: 0}
    - target: {fileID: 3753354388551955609, guid: 0a3bd80c20417a34797e0764f845ef57,
        type: 3}
      propertyPath: m_LocalRotation.x
      value: -0
      objectReference: {fileID: 0}
    - target: {fileID: 3753354388551955609, guid: 0a3bd80c20417a34797e0764f845ef57,
        type: 3}
      propertyPath: m_LocalRotation.y
      value: -0
      objectReference: {fileID: 0}
    - target: {fileID: 3753354388551955609, guid: 0a3bd80c20417a34797e0764f845ef57,
        type: 3}
      propertyPath: m_LocalRotation.z
      value: -0
      objectReference: {fileID: 0}
    - target: {fileID: 3753354388551955609, guid: 0a3bd80c20417a34797e0764f845ef57,
        type: 3}
      propertyPath: m_LocalRotation.w
      value: 1
      objectReference: {fileID: 0}
    - target: {fileID: 3753354388551955609, guid: 0a3bd80c20417a34797e0764f845ef57,
        type: 3}
      propertyPath: m_RootOrder
      value: 2
      objectReference: {fileID: 0}
    - target: {fileID: 3753354388551955609, guid: 0a3bd80c20417a34797e0764f845ef57,
        type: 3}
      propertyPath: m_LocalEulerAnglesHint.x
      value: 0
      objectReference: {fileID: 0}
    - target: {fileID: 3753354388551955609, guid: 0a3bd80c20417a34797e0764f845ef57,
        type: 3}
      propertyPath: m_LocalEulerAnglesHint.y
      value: 0
      objectReference: {fileID: 0}
    - target: {fileID: 3753354388551955609, guid: 0a3bd80c20417a34797e0764f845ef57,
        type: 3}
      propertyPath: m_LocalEulerAnglesHint.z
      value: 0
      objectReference: {fileID: 0}
    - target: {fileID: 3753354388551955609, guid: 0a3bd80c20417a34797e0764f845ef57,
        type: 3}
      propertyPath: m_AnchoredPosition.x
      value: 0
      objectReference: {fileID: 0}
    - target: {fileID: 3753354388551955609, guid: 0a3bd80c20417a34797e0764f845ef57,
        type: 3}
      propertyPath: m_AnchoredPosition.y
      value: 0
      objectReference: {fileID: 0}
    - target: {fileID: 3753354388551955609, guid: 0a3bd80c20417a34797e0764f845ef57,
        type: 3}
      propertyPath: m_SizeDelta.x
      value: 0
      objectReference: {fileID: 0}
    - target: {fileID: 3753354388551955609, guid: 0a3bd80c20417a34797e0764f845ef57,
        type: 3}
      propertyPath: m_SizeDelta.y
      value: 0
      objectReference: {fileID: 0}
    - target: {fileID: 3753354388551955609, guid: 0a3bd80c20417a34797e0764f845ef57,
        type: 3}
      propertyPath: m_AnchorMin.x
      value: 0
      objectReference: {fileID: 0}
    - target: {fileID: 3753354388551955609, guid: 0a3bd80c20417a34797e0764f845ef57,
        type: 3}
      propertyPath: m_AnchorMin.y
      value: 0
      objectReference: {fileID: 0}
    - target: {fileID: 3753354388551955609, guid: 0a3bd80c20417a34797e0764f845ef57,
        type: 3}
      propertyPath: m_AnchorMax.x
      value: 0
      objectReference: {fileID: 0}
    - target: {fileID: 3753354388551955609, guid: 0a3bd80c20417a34797e0764f845ef57,
        type: 3}
      propertyPath: m_AnchorMax.y
      value: 0
      objectReference: {fileID: 0}
    - target: {fileID: 3753354388551955609, guid: 0a3bd80c20417a34797e0764f845ef57,
        type: 3}
      propertyPath: m_Pivot.x
      value: 0.5
      objectReference: {fileID: 0}
    - target: {fileID: 3753354388551955609, guid: 0a3bd80c20417a34797e0764f845ef57,
        type: 3}
      propertyPath: m_Pivot.y
      value: 0.5
      objectReference: {fileID: 0}
    - target: {fileID: 7772457861904565324, guid: 0a3bd80c20417a34797e0764f845ef57,
        type: 3}
      propertyPath: m_OnClick.m_PersistentCalls.m_Calls.Array.size
      value: 1
      objectReference: {fileID: 0}
    - target: {fileID: 7772457861904565324, guid: 0a3bd80c20417a34797e0764f845ef57,
        type: 3}
      propertyPath: m_OnClick.m_PersistentCalls.m_Calls.Array.data[0].m_Mode
      value: 2
      objectReference: {fileID: 0}
    - target: {fileID: 7772457861904565324, guid: 0a3bd80c20417a34797e0764f845ef57,
        type: 3}
      propertyPath: m_OnClick.m_PersistentCalls.m_Calls.Array.data[0].m_CallState
      value: 2
      objectReference: {fileID: 0}
    - target: {fileID: 7772457861904565324, guid: 0a3bd80c20417a34797e0764f845ef57,
        type: 3}
      propertyPath: m_OnClick.m_PersistentCalls.m_Calls.Array.data[0].m_Target
      value: 
      objectReference: {fileID: 6637072333079783073}
    - target: {fileID: 7772457861904565324, guid: 0a3bd80c20417a34797e0764f845ef57,
        type: 3}
      propertyPath: m_OnClick.m_PersistentCalls.m_Calls.Array.data[0].m_MethodName
      value: Invoke
      objectReference: {fileID: 0}
    - target: {fileID: 7772457861904565324, guid: 0a3bd80c20417a34797e0764f845ef57,
        type: 3}
      propertyPath: m_OnClick.m_PersistentCalls.m_Calls.Array.data[0].m_Arguments.m_ObjectArgumentAssemblyTypeName
      value: UnityEngine.Object, UnityEngine
      objectReference: {fileID: 0}
    - target: {fileID: 7772457861904565324, guid: 0a3bd80c20417a34797e0764f845ef57,
        type: 3}
      propertyPath: m_OnClick.m_PersistentCalls.m_Calls.Array.data[0].m_Arguments.m_ObjectArgument
      value: 
      objectReference: {fileID: 8167027723225255489}
    - target: {fileID: 9147907049126451742, guid: 0a3bd80c20417a34797e0764f845ef57,
        type: 3}
      propertyPath: m_textInfo.characterCount
      value: 0
      objectReference: {fileID: 0}
    - target: {fileID: 9147907049126451742, guid: 0a3bd80c20417a34797e0764f845ef57,
        type: 3}
      propertyPath: m_textInfo.wordCount
      value: 0
      objectReference: {fileID: 0}
    - target: {fileID: 9147907049126451742, guid: 0a3bd80c20417a34797e0764f845ef57,
        type: 3}
      propertyPath: m_textInfo.lineCount
      value: 0
      objectReference: {fileID: 0}
    - target: {fileID: 9147907049126451742, guid: 0a3bd80c20417a34797e0764f845ef57,
        type: 3}
      propertyPath: m_textInfo.pageCount
      value: 0
      objectReference: {fileID: 0}
    - target: {fileID: 9147907049126451742, guid: 0a3bd80c20417a34797e0764f845ef57,
        type: 3}
      propertyPath: m_text
      value: CONTROLLER
      objectReference: {fileID: 0}
    - target: {fileID: 9147907049126451742, guid: 0a3bd80c20417a34797e0764f845ef57,
        type: 3}
      propertyPath: m_fontSize
      value: 32
      objectReference: {fileID: 0}
    - target: {fileID: 9147907049126451742, guid: 0a3bd80c20417a34797e0764f845ef57,
        type: 3}
      propertyPath: m_firstOverflowCharacterIndex
      value: -1
      objectReference: {fileID: 0}
    m_RemovedComponents: []
  m_SourcePrefab: {fileID: 100100000, guid: 0a3bd80c20417a34797e0764f845ef57, type: 3}
--- !u!1 &565555458697852115 stripped
GameObject:
  m_CorrespondingSourceObject: {fileID: 8179037361704117578, guid: 0a3bd80c20417a34797e0764f845ef57,
    type: 3}
  m_PrefabInstance: {fileID: 8527713865133347225}
  m_PrefabAsset: {fileID: 0}
--- !u!224 &4777775471321982208 stripped
RectTransform:
  m_CorrespondingSourceObject: {fileID: 3753354388551955609, guid: 0a3bd80c20417a34797e0764f845ef57,
    type: 3}
  m_PrefabInstance: {fileID: 8527713865133347225}
  m_PrefabAsset: {fileID: 0}
--- !u!114 &8167027723225255489 stripped
MonoBehaviour:
  m_CorrespondingSourceObject: {fileID: 508795593752682456, guid: 0a3bd80c20417a34797e0764f845ef57,
    type: 3}
  m_PrefabInstance: {fileID: 8527713865133347225}
  m_PrefabAsset: {fileID: 0}
  m_GameObject: {fileID: 565555458697852115}
  m_Enabled: 1
  m_EditorHideFlags: 0
  m_Script: {fileID: 11500000, guid: f2a7fad3c194423468c6aa3aa9681e32, type: 3}
  m_Name: 
  m_EditorClassIdentifier: 
--- !u!114 &2127343527904007637 stripped
MonoBehaviour:
  m_CorrespondingSourceObject: {fileID: 7772457861904565324, guid: 0a3bd80c20417a34797e0764f845ef57,
    type: 3}
  m_PrefabInstance: {fileID: 8527713865133347225}
  m_PrefabAsset: {fileID: 0}
  m_GameObject: {fileID: 565555458697852115}
  m_Enabled: 1
  m_EditorHideFlags: 0
  m_Script: {fileID: 1392445389, guid: f70555f144d8491a825f0804e09c671c, type: 3}
  m_Name: 
  m_EditorClassIdentifier: 
--- !u!1001 &8933553704001380734
PrefabInstance:
  m_ObjectHideFlags: 0
  serializedVersion: 2
  m_Modification:
    m_TransformParent: {fileID: 9168270716485605255}
    m_Modifications:
    - target: {fileID: 8179037361704117578, guid: 0a3bd80c20417a34797e0764f845ef57,
        type: 3}
      propertyPath: m_Name
      value: Option Button - Intro
      objectReference: {fileID: 0}
    - target: {fileID: 3753354388551955609, guid: 0a3bd80c20417a34797e0764f845ef57,
        type: 3}
      propertyPath: m_LocalPosition.x
      value: 0
      objectReference: {fileID: 0}
    - target: {fileID: 3753354388551955609, guid: 0a3bd80c20417a34797e0764f845ef57,
        type: 3}
      propertyPath: m_LocalPosition.y
      value: 0
      objectReference: {fileID: 0}
    - target: {fileID: 3753354388551955609, guid: 0a3bd80c20417a34797e0764f845ef57,
        type: 3}
      propertyPath: m_LocalPosition.z
      value: 0
      objectReference: {fileID: 0}
    - target: {fileID: 3753354388551955609, guid: 0a3bd80c20417a34797e0764f845ef57,
        type: 3}
      propertyPath: m_LocalRotation.x
      value: -0
      objectReference: {fileID: 0}
    - target: {fileID: 3753354388551955609, guid: 0a3bd80c20417a34797e0764f845ef57,
        type: 3}
      propertyPath: m_LocalRotation.y
      value: -0
      objectReference: {fileID: 0}
    - target: {fileID: 3753354388551955609, guid: 0a3bd80c20417a34797e0764f845ef57,
        type: 3}
      propertyPath: m_LocalRotation.z
      value: -0
      objectReference: {fileID: 0}
    - target: {fileID: 3753354388551955609, guid: 0a3bd80c20417a34797e0764f845ef57,
        type: 3}
      propertyPath: m_LocalRotation.w
      value: 1
      objectReference: {fileID: 0}
    - target: {fileID: 3753354388551955609, guid: 0a3bd80c20417a34797e0764f845ef57,
        type: 3}
      propertyPath: m_RootOrder
      value: 0
      objectReference: {fileID: 0}
    - target: {fileID: 3753354388551955609, guid: 0a3bd80c20417a34797e0764f845ef57,
        type: 3}
      propertyPath: m_LocalEulerAnglesHint.x
      value: 0
      objectReference: {fileID: 0}
    - target: {fileID: 3753354388551955609, guid: 0a3bd80c20417a34797e0764f845ef57,
        type: 3}
      propertyPath: m_LocalEulerAnglesHint.y
      value: 0
      objectReference: {fileID: 0}
    - target: {fileID: 3753354388551955609, guid: 0a3bd80c20417a34797e0764f845ef57,
        type: 3}
      propertyPath: m_LocalEulerAnglesHint.z
      value: 0
      objectReference: {fileID: 0}
    - target: {fileID: 3753354388551955609, guid: 0a3bd80c20417a34797e0764f845ef57,
        type: 3}
      propertyPath: m_AnchoredPosition.x
      value: 0
      objectReference: {fileID: 0}
    - target: {fileID: 3753354388551955609, guid: 0a3bd80c20417a34797e0764f845ef57,
        type: 3}
      propertyPath: m_AnchoredPosition.y
      value: 0
      objectReference: {fileID: 0}
    - target: {fileID: 3753354388551955609, guid: 0a3bd80c20417a34797e0764f845ef57,
        type: 3}
      propertyPath: m_SizeDelta.x
      value: 0
      objectReference: {fileID: 0}
    - target: {fileID: 3753354388551955609, guid: 0a3bd80c20417a34797e0764f845ef57,
        type: 3}
      propertyPath: m_SizeDelta.y
      value: 0
      objectReference: {fileID: 0}
    - target: {fileID: 3753354388551955609, guid: 0a3bd80c20417a34797e0764f845ef57,
        type: 3}
      propertyPath: m_AnchorMin.x
      value: 0
      objectReference: {fileID: 0}
    - target: {fileID: 3753354388551955609, guid: 0a3bd80c20417a34797e0764f845ef57,
        type: 3}
      propertyPath: m_AnchorMin.y
      value: 0
      objectReference: {fileID: 0}
    - target: {fileID: 3753354388551955609, guid: 0a3bd80c20417a34797e0764f845ef57,
        type: 3}
      propertyPath: m_AnchorMax.x
      value: 0
      objectReference: {fileID: 0}
    - target: {fileID: 3753354388551955609, guid: 0a3bd80c20417a34797e0764f845ef57,
        type: 3}
      propertyPath: m_AnchorMax.y
      value: 0
      objectReference: {fileID: 0}
    - target: {fileID: 3753354388551955609, guid: 0a3bd80c20417a34797e0764f845ef57,
        type: 3}
      propertyPath: m_Pivot.x
      value: 0.5
      objectReference: {fileID: 0}
    - target: {fileID: 3753354388551955609, guid: 0a3bd80c20417a34797e0764f845ef57,
        type: 3}
      propertyPath: m_Pivot.y
      value: 0.5
      objectReference: {fileID: 0}
    - target: {fileID: 7772457861904565324, guid: 0a3bd80c20417a34797e0764f845ef57,
        type: 3}
      propertyPath: m_OnClick.m_PersistentCalls.m_Calls.Array.size
      value: 1
      objectReference: {fileID: 0}
    - target: {fileID: 7772457861904565324, guid: 0a3bd80c20417a34797e0764f845ef57,
        type: 3}
      propertyPath: m_OnClick.m_PersistentCalls.m_Calls.Array.data[0].m_Mode
      value: 2
      objectReference: {fileID: 0}
    - target: {fileID: 7772457861904565324, guid: 0a3bd80c20417a34797e0764f845ef57,
        type: 3}
      propertyPath: m_OnClick.m_PersistentCalls.m_Calls.Array.data[0].m_CallState
      value: 2
      objectReference: {fileID: 0}
    - target: {fileID: 7772457861904565324, guid: 0a3bd80c20417a34797e0764f845ef57,
        type: 3}
      propertyPath: m_OnClick.m_PersistentCalls.m_Calls.Array.data[0].m_Target
      value: 
      objectReference: {fileID: 6637072333079783073}
    - target: {fileID: 7772457861904565324, guid: 0a3bd80c20417a34797e0764f845ef57,
        type: 3}
      propertyPath: m_OnClick.m_PersistentCalls.m_Calls.Array.data[0].m_MethodName
      value: Invoke
      objectReference: {fileID: 0}
    - target: {fileID: 7772457861904565324, guid: 0a3bd80c20417a34797e0764f845ef57,
        type: 3}
      propertyPath: m_OnClick.m_PersistentCalls.m_Calls.Array.data[0].m_Arguments.m_ObjectArgumentAssemblyTypeName
      value: UnityEngine.Object, UnityEngine
      objectReference: {fileID: 0}
    - target: {fileID: 7772457861904565324, guid: 0a3bd80c20417a34797e0764f845ef57,
        type: 3}
      propertyPath: m_OnClick.m_PersistentCalls.m_Calls.Array.data[0].m_Arguments.m_ObjectArgument
      value: 
      objectReference: {fileID: 9004315401366617766}
    - target: {fileID: 9147907049126451742, guid: 0a3bd80c20417a34797e0764f845ef57,
        type: 3}
      propertyPath: m_text
      value: INTRODUCTION
      objectReference: {fileID: 0}
    - target: {fileID: 9147907049126451742, guid: 0a3bd80c20417a34797e0764f845ef57,
        type: 3}
      propertyPath: m_textInfo.characterCount
      value: 0
      objectReference: {fileID: 0}
    - target: {fileID: 9147907049126451742, guid: 0a3bd80c20417a34797e0764f845ef57,
        type: 3}
      propertyPath: m_fontSize
      value: 32
      objectReference: {fileID: 0}
    - target: {fileID: 9147907049126451742, guid: 0a3bd80c20417a34797e0764f845ef57,
        type: 3}
      propertyPath: m_firstOverflowCharacterIndex
      value: -1
      objectReference: {fileID: 0}
    - target: {fileID: 9147907049126451742, guid: 0a3bd80c20417a34797e0764f845ef57,
        type: 3}
      propertyPath: m_textInfo.lineCount
      value: 0
      objectReference: {fileID: 0}
    - target: {fileID: 9147907049126451742, guid: 0a3bd80c20417a34797e0764f845ef57,
        type: 3}
      propertyPath: m_textInfo.wordCount
      value: 0
      objectReference: {fileID: 0}
    - target: {fileID: 9147907049126451742, guid: 0a3bd80c20417a34797e0764f845ef57,
        type: 3}
      propertyPath: m_textInfo.pageCount
      value: 0
      objectReference: {fileID: 0}
    m_RemovedComponents: []
  m_SourcePrefab: {fileID: 100100000, guid: 0a3bd80c20417a34797e0764f845ef57, type: 3}
--- !u!1 &755369875813499956 stripped
GameObject:
  m_CorrespondingSourceObject: {fileID: 8179037361704117578, guid: 0a3bd80c20417a34797e0764f845ef57,
    type: 3}
  m_PrefabInstance: {fileID: 8933553704001380734}
  m_PrefabAsset: {fileID: 0}
--- !u!224 &5759202517702039015 stripped
RectTransform:
  m_CorrespondingSourceObject: {fileID: 3753354388551955609, guid: 0a3bd80c20417a34797e0764f845ef57,
    type: 3}
  m_PrefabInstance: {fileID: 8933553704001380734}
  m_PrefabAsset: {fileID: 0}
--- !u!114 &9004315401366617766 stripped
MonoBehaviour:
  m_CorrespondingSourceObject: {fileID: 508795593752682456, guid: 0a3bd80c20417a34797e0764f845ef57,
    type: 3}
  m_PrefabInstance: {fileID: 8933553704001380734}
  m_PrefabAsset: {fileID: 0}
  m_GameObject: {fileID: 755369875813499956}
  m_Enabled: 1
  m_EditorHideFlags: 0
  m_Script: {fileID: 11500000, guid: f2a7fad3c194423468c6aa3aa9681e32, type: 3}
  m_Name: 
  m_EditorClassIdentifier: 
--- !u!114 &1163911113769952562 stripped
MonoBehaviour:
  m_CorrespondingSourceObject: {fileID: 7772457861904565324, guid: 0a3bd80c20417a34797e0764f845ef57,
    type: 3}
  m_PrefabInstance: {fileID: 8933553704001380734}
  m_PrefabAsset: {fileID: 0}
  m_GameObject: {fileID: 755369875813499956}
  m_Enabled: 1
  m_EditorHideFlags: 0
  m_Script: {fileID: 1392445389, guid: f70555f144d8491a825f0804e09c671c, type: 3}
  m_Name: 
  m_EditorClassIdentifier: 
